@book{Elephant, place={Oxford}, title={Sketches of an elephant a topos theory compedium.}, volume={1}, publisher={Clarendon Press}, author={Johnstone, Peter T.}, year={2002}}
@misc{nlab:free_object,
  author = {{nLab authors}},
  title = {free object},
  howpublished = {\url{https://ncatlab.org/nlab/show/free+object}},
  note = {\href{https://ncatlab.org/nlab/revision/free+object/12}{Revision 12}},
  month = jul,
  year = 2025
}
@inproceedings{Pra91,
  author    = {Vaughan R. Pratt},
  title     = {Modeling concurrency with geometry},
  booktitle = {POPL},
  pages     = {311--322},
  year      = {1991},
  address   = {New York City},
  publisher = {ACM Press}
}
@misc{vG91,
  author       = {Rob J. van Glabbeek},
  title        = {Bisimulations for higher dimensional automata},
  howpublished = {Email message},
  month        = jun,
  year         = {1991},
  note         = {\url{http://theory.stanford.edu/~rvg/hda}}
}
@article{Fahr_2024,
   title={Kleene Theorem for Higher-Dimensional Automata},
   volume={Volume 20, Issue 4},
   ISSN={1860-5974},
   DOI={10.46298/lmcs-20(4:22)2024},
   journal={Logical Methods in Computer Science},
   publisher={Centre pour la Communication Scientifique Directe (CCSD)},
   author={Fahrenberg, Uli and Johansen, Christian and Struth, Georg and Ziemia≈Ñski, Krzysztof},
   year={2024},
   month=dec }
@inproceedings{ipomsets2024,
  TITLE = {{Presenting Interval Pomsets with~Interfaces}},
  AUTHOR = {Amrane, Amazigh and Bazille, Hugo and Clement, Emily and Fahrenberg, Uli and Ziemia{\'n}ski, Krzysztof},
  URL = {https://hal.science/hal-04918291},
  BOOKTITLE = {{21st International Conference on Relational and Algebraic Methods in Computer Science RAMICS 2024}},
  ADDRESS = {Prague, Czech Republic},
  PUBLISHER = {{Springer Nature Switzerland}},
  YEAR = 2024,
  MONTH = Aug,
  DOI = {10.1007/978-3-031-68279-7\_3}
}
@book{Martin_2011, place={New York, NY}, title={Introduction to languages and the theory of computation}, publisher={McGraw-Hill}, author={Martin, John C.}, year={2011}}
@book{MacLane1998,
  author    = {Saunders Mac Lane},
  title     = {Categories for the Working Mathematician},
  series    = {Graduate Texts in Mathematics},
  volume    = {5},
  edition   = {2},
  publisher = {Springer Science+Business Media},
  address   = {New York, NY},
  year      = {1998},
  isbn      = {978-0-387-98403-2},
  pages     = {XII + 318},
  doi       = {10.1007/978-1-4757-4721-8}
}
@book{joy_of_cats_2009, place={Mineola, N.Y}, title={Abstract and concrete categories: The joy of cats}, publisher={Dover Publications}, author={Adamek, Jiri and Herrlich, Horst and Strecker, George E.}, year={2009}} 